
@article{jia2014caffe,
	author = "Jia Yangqing and Shelhamer Evan and Donahue Jeff and Karayev Sergey and Long Jonathan and Girshick Ross and Guadarrama Sergio and Darrell Trevor",
	journal = "arXiv preprint arXiv:1408.5093",
	title = "Caffe: Convolutional Architecture for Fast Feature Embedding",
	year = "2014"
}
 @article{bengio2009learning,
 	title="Learning deep architectures for AI",
 	author="Bengio Yoshua",
 	journal="Foundations and trends in Machine Learning",
 	volume="2",
 	number="1",
 	pages="1--127",
 	year="2009",
 	publisher="Now Publishers Inc."
 }
 @article{schmidhuber2015deep,
 	title="Deep learning in neural networks: An overview",
 	author="Schmidhuber Jurgen",
 	journal="Neural Networks",
 	volume="61",
 	pages="85--117",
 	year="2015",
 	publisher="Elsevier"
 }
 @inproceedings{krizhevsky2012imagenet,
 	title={Imagenet classification with deep convolutional neural networks},
 	author={Krizhevsky, Alex and Sutskever, Ilya and Hinton, Geoffrey E},
 	booktitle={Advances in neural information processing systems},
 	pages={1097--1105},
 	year={2012}
 }
@TechReport{twoearsprojectdoc,
 	author = "Ning Ma and Ivo Trowitzsch and Jalil Taghia and Christopher Schymura and 
 	Dorothea Kolossa and Thomas Walther and Hagen Wierstorf and Tobias
 	May and Guy Brown",
 	title = "Software architecture Two!Ears Deliverable 3.2",
 	institution = "Two!Ears Project Group",
 	year = "2014"
 }

@inproceedings{nair2010rectified,
	title={Rectified linear units improve restricted boltzmann machines},
	author={Nair, Vinod and Hinton, Geoffrey E},
	booktitle={Proceedings of the 27th International Conference on Machine Learning (ICML-10)},
	pages={807--814},
	year={2010}
}
@book{vapnik2013nature,
	title={The nature of statistical learning theory},
	author={Vapnik, Vladimir},
	year={2013},
	publisher={Springer Science \& Business Media}
}
@book{mohri2012foundations,
	title={Foundations of machine learning},
	author={Mohri, Mehryar and Rostamizadeh, Afshin and Talwalkar, Ameet},
	year={2012},
	publisher={MIT press}
}
@article{may2014computational,
	title={Computational speech segregation based on an auditory-inspired modulation analysis},
	author={May, Tobias and Dau, Torsten},
	journal={The Journal of the Acoustical Society of America},
	volume={136},
	number={6},
	pages={3350--3359},
	year={2014},
	publisher={Acoustical Society of America}
}

@inproceedings{zhang2014extracting,
	title={Extracting deep neural network bottleneck features using low-rank matrix factorization.},
	author={Zhang, Yu and Chuangsuwanich, Ekapol and Glass, James R},
	booktitle={ICASSP},
	pages={185--189},
	year={2014}
}
 
@misc{deeplrn01,
 	author = {DeepLearning 0.1. LISA Lab},
 	title = {Convolutional Neural Networks (LeNet) â€“ DeepLearning 0.1 documentation},
 	month = {August},
    year = {2013}
 }
 @article{lecun1995convolutional,
 	title={Convolutional networks for images, speech, and time series},
 	author={LeCun, Yann and Bengio, Yoshua},
 	journal={The handbook of brain theory and neural networks},
 	volume={3361},
 	number={10},
 	pages={1995},
 	year={1995}
 }
 @article{hinton2012improving,
 	title={Improving neural networks by preventing co-adaptation of feature detectors},
 	author={Hinton, Geoffrey E and Srivastava, Nitish and Krizhevsky, Alex and Sutskever, Ilya and Salakhutdinov, Ruslan R},
 	journal={arXiv preprint arXiv:1207.0580},
 	year={2012}
 }
 
@article{srivastava2014dropout,
	title={Dropout: a simple way to prevent neural networks from overfitting.},
	author={Srivastava, Nitish and Hinton, Geoffrey E and Krizhevsky, Alex and Sutskever, Ilya and Salakhutdinov, Ruslan},
	journal={Journal of Machine Learning Research},
	volume={15},
	number={1},
	pages={1929--1958},
	year={2014}
}